%% Keep references consistent.
%%
%% Ensure that all entries use the same abbreviations for venues.
%%
%% Remove irrelevant information (pages, publisher address, and location, for
%%  instance, are no longer useful.)
%%

@inproceedings{Karl_Sims_1994,
author = {Sims, Karl},
title = {Evolving virtual creatures},
year = {1994},
isbn = {0897916670},
publisher = {Association for Computing Machinery},
address = {New York, NY, USA},
url = {https://doi.org/10.1145/192161.192167},
doi = {10.1145/192161.192167},
booktitle = {Proceedings of the 21st Annual Conference on Computer Graphics and Interactive Techniques},
pages = {15-22},
numpages = {8},
series = {SIGGRAPH '94}
}

@article{Emma_Stensby_2021,
  title   = {Co-optimising robot morphology and controller in a simulated open-ended environment},
  doi     = {10.1007/978-3-030-72699-7_3},
  journal = {Applications of Evolutionary Computation},
  author  = {Stensby, Emma Hjellbrekke and Ellefsen, Kai Olav and Glette, Kyrre},
  year    = {2021},
  pages   = {34-49}
} 

@misc{Cheney_2017,
  title={Scalable Co-Optimization of Morphology and Control in Embodied Machines}, 
  author={Nick Cheney and Josh Bongard and Vytas SunSpiral and Hod Lipson},
  year={2017},
  eprint={1706.06133},
  archivePrefix={arXiv},
  primaryClass={cs.AI}
}

@article{Joshua_Auerbach_2014,
    doi = {10.1371/journal.pcbi.1003399},
    author = {Auerbach, Joshua E. AND Bongard, Josh C.},
    journal = {PLOS Computational Biology},
    publisher = {Public Library of Science},
    title = {Environmental Influence on the Evolution of Morphological Complexity in Machines},
    year = {2014},
    volume = {10},
    url = {https://doi.org/10.1371/journal.pcbi.1003399},
    pages = {1-17},
}

@article{Luis_2024,
  author = {Luis Eguiarte-Morett and Wendy Aguilar},
  title ={Premature convergence in morphology and control co-evolution: a study},
  journal = {Adaptive Behavior},
  volume = {32},
  pages = {137-165},
  year = {2024},
  doi = {10.1177/10597123231198497},
  URL = {https://doi.org/10.1177/10597123231198497},
}

@proceedings{Cheney_2016,
  author = {Cheney, Nicholas and Bongard, Josh and SunSpiral, Vytas and Lipson, Hod},
  title = "{On the Difficulty of Co-Optimizing Morphology and Control in Evolved Virtual Creatures}",
  volume = {ALIFE 2016, the Fifteenth International Conference on the Synthesis and Simulation of Living Systems},
  series = {Artificial Life Conference Proceedings},
  pages = {226-233},
  year = {2016},
  doi = {10.1162/978-0-262-33936-0-ch042},
  url = {https://doi.org/10.1162/978-0-262-33936-0-ch042},
}

@article{Josh_Bongard_2013,
  author = {Bongard, Josh C.},
  title = {Evolutionary robotics},
  year = {2013},
  issn = {0001-0782},
  url = {https://doi.org/10.1145/2493883},
  doi = {10.1145/2493883},
  journal = {Commun. ACM},
  pages = {74-83},
}

@INPROCEEDINGS {Ravi_Mangal_2019,
  author = {R. Mangal and A. V. Nori and A. Orso},
  booktitle = {2019 IEEE/ACM 41st International Conference on Software Engineering: New Ideas and Emerging Results (ICSE-NIER)},
  title = {Robustness of Neural Networks: A Probabilistic and Practical Approach},
  year = {2019},
  pages = {93-96},
  doi = {10.1109/ICSE-NIER.2019.00032},
  url = {https://doi.ieeecomputersociety.org/10.1109/ICSE-NIER.2019.00032},
}

@misc{Charles_Packer_2019,
  title={Assessing Generalization in Deep Reinforcement Learning}, 
  author={Charles Packer and Katelyn Gao and Jernej Kos and Philipp Krähenbühl and Vladlen Koltun and Dawn Song},
  year={2019},
  eprint={1810.12282},
  archivePrefix={arXiv},
  primaryClass={cs.LG}
}

@misc{Xu_Mengdi_2022,
  title={Trustworthy Reinforcement Learning Against Intrinsic Vulnerabilities: Robustness, Safety, and Generalizability}, 
  author={Mengdi Xu and Zuxin Liu and Peide Huang and Wenhao Ding and Zhepeng Cen and Bo Li and Ding Zhao},
  year={2022},
  eprint={2209.08025},
  archivePrefix={arXiv},
  primaryClass={cs.LG}
}

@unknown{Corinna_Triebold,
  author = {Triebold, Corinna and Yaman, Anil},
  year = {2023},
  month = {09},
  pages = {},
  title = {Evolving generalist controllers to handle a wide range of morphological variations},
  doi = {10.13140/RG.2.2.27217.71522}
}

@misc{Ines_Valentin_2022,
  title={Adversarial Robustness Assessment of NeuroEvolution Approaches}, 
  author={Inês Valentim and Nuno Lourenço and Nuno Antunes},
  year={2022},
  eprint={2207.05451},
  archivePrefix={arXiv},
  primaryClass={cs.NE}
}

@misc{Kai_Liang_Tan_2020,
  title={Robustifying Reinforcement Learning Agents via Action Space Adversarial Training}, 
  author={Kai Liang Tan and Yasaman Esfandiari and Xian Yeow Lee and Aakanksha and Soumik Sarkar},
  year={2020},
  eprint={2007.07176},
  archivePrefix={arXiv},
  primaryClass={cs.LG}
}

@article{Limor_Raviv_2022,
  author = {Raviv, Limor and Lupyan, Gary and Green, Shawn},
  year = {2022},
  month = {05},
  pages = {},
  title = {How variability shapes learning and generalization},
  volume = {26},
  journal = {Trends in Cognitive Sciences},
  doi = {10.1016/j.tics.2022.03.007}
}

@inproceedings{McKay_2000,
  title={Fitness Sharing in Genetic Programming.},
  author={McKay, Robert I},
  booktitle={GECCO},
  pages={435-442},
  year={2000}
}

@inproceedings{Lehman_2011,
  author = {Lehman, Joel and Stanley, Kenneth},
  year = {2011},
  pages = {211-218},
  title = {Evolving a diversity of creatures through novelty search and local competition},
  journal = {Genetic and Evolutionary Computation Conference, GECCO'11},
  doi = {10.1145/2001576.2001606}
}

@article{Stanley_2002,
  author={Stanley, Kenneth O. and Miikkulainen, Risto},
  journal={Evolutionary Computation}, 
  title={Evolving Neural Networks through Augmenting Topologies}, 
  year={2002},
  volume={10},
  number={2},
  pages={99-127},
  doi={10.1162/106365602320169811}
}

@article{Stanley_2007,
  author = {Stanley, Kenneth O.},
  title = {Compositional pattern producing networks: A novel abstraction of development},
  year = {2007},
  publisher = {Kluwer Academic Publishers},
  volume = {8},
  number = {2},
  issn = {1389-2576},
  url = {https://doi.org/10.1007/s10710-007-9028-8},
  doi = {10.1007/s10710-007-9028-8},
  journal = {Genetic Programming and Evolvable Machines},
  pages = {131-162},
}

@article{Cheney_2014,
  author = {Cheney, Nick and MacCurdy, Robert and Clune, Jeff and Lipson, Hod},
  year = {2014},
  pages = {11-23},
  title = {Unshackling evolution},
  volume = {7},
  journal = {ACM SIGEVOlution},
  doi = {10.1145/2661735.2661737}
}

@ARTICLE{Pagliuca_2020,
  AUTHOR={Pagliuca, Paolo  and Milano, Nicola  and Nolfi, Stefano },
  TITLE={Efficacy of Modern Neuro-Evolutionary Strategies for Continuous Control Optimization},
  JOURNAL={Frontiers in Robotics and AI},
  VOLUME={7},
  YEAR={2020},
  URL={https://www.frontiersin.org/journals/robotics-and-ai/articles/10.3389/frobt.2020.00098},
  DOI={10.3389/frobt.2020.00098},
  ISSN={2296-9144},
}

@article{Kramer_2010,
  author = {Kramer, Oliver},
  year = {2010},
  month = {01},
  pages = {},
  title = {A Review of Constraint-Handling Techniques for Evolution Strategies},
  volume = {2010},
  journal = {Applied Comp. Int. Soft Computing},
  doi = {10.1155/2010/185063}
}

@software{Gymnasium2023,
  title = {Gymnasium},
  author = {Mark Towers and Jordan K Terry and Ariel Kwiatkowski and John U. Balis and Gianluca de Cola and Tristan Deleu and Manuel Goulão and Andreas Kallinteris and Arjun KG and Markus Krimmel and Rodrigo Perez-Vicente and Andrea Pierré and Sander Schulhoff and Jun Jet Tai and Andrew Jin Shen Tan and Omar G. Younis},
  year = {2023},
  doi = {10.5281/zenodo.8127025},
  url = {https://gymnasium.farama.org/},
  license = {MIT}
}